order_id,order_date,product_id,quantity,sale_price
1000,2024-12-12 01:38:21,108,1,178.94
1004,2024-11-05 02:28:28,108,1,171.1
1016,2025-03-03 08:14:35,108,2,164.68
1017,2025-07-02 12:20:00,108,1,147.7
1020,2024-12-14 12:27:40,108,1,152.09
1021,2025-07-17 21:08:58,108,1,160.46
1028,2024-12-24 11:47:29,108,1,166.8
1030,2025-01-02 07:06:21,108,3,167.37
1033,2024-10-21 18:49:14,108,1,178.96
1048,2024-12-31 12:21:01,108,1,151.96
1057,2025-09-26 01:37:17,108,4,152.07
1064,2025-06-05 05:07:16,108,1,151.27
1068,2025-08-11 16:53:57,108,1,176.1
1071,2025-07-03 21:26:43,108,2,168.2
1075,2025-09-15 18:57:28,108,1,169.49
1078,2025-05-10 18:29:07,108,1,177.88
1099,2025-03-21 20:54:38,108,3,151.18
1113,2025-02-05 10:46:48,108,2,174.17
1125,2025-03-08 00:49:59,108,1,154.2
1137,2025-06-14 10:41:39,108,1,166.38
1150,2024-11-02 00:36:49,108,1,164.18
1159,2025-05-07 05:14:26,108,1,159.65
1190,2024-12-13 05:00:36,108,1,144.17
1203,2024-11-12 23:34:19,108,1,177.91
1206,2024-10-26 16:44:38,108,2,157.55
1226,2024-10-17 02:53:47,108,1,160.32
1237,2024-10-12 18:36:00,108,1,167.85
1254,2025-03-19 01:53:25,108,1,151.4
1256,2024-12-16 16:35:09,108,1,156.38
1261,2025-05-29 18:27:46,108,1,151.7
1274,2025-07-04 03:34:56,108,4,175.51
1276,2025-02-04 12:14:56,108,1,177.87
1294,2025-10-01 12:22:49,108,1,176.17
1301,2025-04-09 08:33:56,108,2,158.71
1302,2025-02-02 00:33:09,108,1,154.55
1317,2025-01-14 11:03:19,108,3,152.51
1325,2024-12-10 06:51:11,108,2,146.45
1328,2025-02-19 19:18:24,108,1,167.16
1349,2025-07-22 00:00:46,108,1,160.39
1379,2024-10-28 18:23:50,108,1,158.42
1394,2024-10-29 02:41:21,108,1,154.16
1397,2024-10-09 21:35:22,108,5,146.6
1417,2024-11-15 17:35:37,108,1,160.07
1420,2024-12-06 14:34:27,108,1,165.91
1429,2024-10-26 09:34:19,108,5,153.22
1441,2025-05-29 23:00:26,108,1,163.44
1447,2024-10-22 08:18:25,108,3,168.69
1453,2025-07-18 10:49:02,108,4,168.01
1460,2024-11-10 14:51:24,108,1,148.12
1464,2024-10-26 17:55:21,108,1,153.02
1473,2025-08-04 06:41:18,108,150,163.47
1476,2025-04-21 13:02:37,108,1,165.74
1479,2025-04-16 16:27:07,108,1,179.54
1482,2024-11-08 10:21:28,108,2,177.18
1507,2025-06-15 09:08:16,108,2,177.21
1508,2025-02-21 17:17:11,108,1,173.26
1540,2025-03-31 22:36:51,108,2,172.08
1542,2025-06-23 11:00:35,108,2,146.87
1558,2025-10-07 10:43:41,108,2,172.66
1604,2025-04-02 03:56:53,108,3,145.68
1614,2025-03-18 12:47:32,108,4,146.1
1621,2025-06-21 18:59:26,108,2,167.16
1623,2025-02-21 13:26:44,108,1,150.7
1639,2025-01-26 16:37:43,108,1,155.45
1652,2025-06-10 07:12:32,108,2,165.34
1654,2025-05-14 23:22:43,108,1,179.03
1656,2025-01-20 00:19:28,108,2,163.31
1671,2025-04-02 07:19:40,108,1,157.83
1683,2025-02-05 20:27:03,108,1,170.55
1701,2025-08-05 20:42:48,108,1,155.67
1702,2025-07-18 09:14:34,108,1,175.17
1705,2025-02-14 07:37:28,108,1,162.05
1712,2025-08-24 00:34:25,108,5,162.16
1721,2025-07-16 07:51:59,108,2,146.61
1737,2024-10-19 05:50:22,108,1,161.51
1746,2025-03-20 19:52:43,108,1,155.55
1798,2025-04-07 19:36:46,108,2,155.34
1799,2025-02-01 23:05:57,108,2,174.68
1810,2025-04-12 12:10:12,108,1,166.68
1819,2025-01-16 04:36:36,108,2,146.46
1822,2025-02-27 23:31:08,108,1,160.27
1824,2024-11-08 16:09:23,108,1,163.28
1846,2024-10-24 19:53:30,108,1,163.76
1856,2025-04-15 22:34:45,108,1,152.97
1858,2025-03-22 09:56:01,108,1,156.59
1863,2024-12-09 02:28:38,108,2,157.3
1864,2025-02-26 22:21:20,108,1,177.5
1870,2025-05-03 12:49:53,108,1,169.68
1883,2025-04-26 09:45:47,108,1,177.38
1884,2025-04-05 02:58:50,108,1,165.66
1886,2024-12-04 16:32:55,108,1,146.4
1892,2025-08-10 22:49:49,108,1,170.25
1897,2025-05-10 08:47:54,108,1,163.87
1898,2025-02-27 15:54:58,108,1,152.25
1908,2025-01-09 09:48:28,108,5,173.91
1909,2025-09-05 20:07:48,108,1,167.69
1911,2025-03-20 13:04:37,108,1,146.91
1937,2025-05-24 19:13:55,108,2,173.8
1938,2024-12-24 08:08:01,108,1,157.85
1941,2025-01-15 19:20:18,108,2,179.25
1956,2025-01-04 03:11:26,108,1,144.83
1958,2025-07-28 12:33:14,108,1,144.52
1968,2025-01-31 05:54:10,108,1,165.5
1977,2025-01-30 10:49:30,108,2,173.03
2021,2024-11-20 04:59:17,108,1,157.16
2029,2025-06-11 09:15:39,108,2,150.56
2032,2025-05-31 23:58:21,108,5,156.77
2043,2025-02-23 10:04:36,108,2,162.66
2047,2025-01-21 00:10:13,108,2,176.51
2078,2025-03-06 02:55:58,108,3,157.93
2082,2024-11-03 12:15:12,108,5,148.24
2083,2025-07-18 00:16:23,108,1,160.09
2089,2024-12-22 07:26:51,108,1,152.2
2114,2025-06-20 22:50:46,108,3,169.87
2115,2024-11-22 22:09:35,108,1,174.05
2120,2025-08-29 01:07:55,108,1,160.28
2125,2025-02-26 03:38:40,108,2,155.59
2131,2024-11-27 13:58:29,108,1,151.69
2140,2025-03-12 15:26:49,108,2,155.15
2153,2025-07-15 20:58:54,108,1,145.53
2165,2025-04-06 06:32:39,108,1,165.76
1001,2025-03-19 08:46:12,104,1,202.5
1002,2025-09-07 05:09:53,104,2,217.68
1006,2025-03-10 12:39:23,104,2,219.81
1044,2024-12-19 04:07:07,104,1,184.35
1056,2025-03-01 05:22:04,104,1,216.68
1061,2025-06-08 12:12:47,104,1,205.14
1066,2025-07-29 18:10:55,104,3,221.68
1067,2025-03-01 02:53:58,104,1,204.51
1069,2025-07-30 22:59:16,104,1,205.4
1072,2025-10-03 20:38:12,104,2,192.13
1079,2025-04-05 03:34:39,104,3,184.03
1082,2025-07-31 20:04:09,104,2,198.24
1110,2025-04-08 12:09:15,104,1,182.82
1144,2025-04-01 22:40:54,104,2,189.78
1145,2025-09-09 05:40:14,104,1,221.78
1157,2025-06-09 19:25:13,104,2,187.42
1202,2024-12-05 03:35:54,104,1,189.21
1204,2024-12-16 07:54:50,104,1,224.02
1205,2025-07-12 13:12:39,104,2,205.56
1223,2024-10-31 22:24:31,104,1,219.84
1235,2024-12-14 21:45:26,104,1,191.02
1262,2025-03-30 23:26:23,104,1,217.05
1271,2025-07-16 15:52:30,104,1,187.92
1273,2024-12-22 17:01:14,104,1,195.51
1279,2025-09-22 15:45:08,104,1,213.76
1281,2025-04-13 05:08:13,104,5,190.94
1305,2024-11-21 08:35:09,104,4,214.34
1309,2025-05-03 13:15:54,104,2,188.44
1319,2025-02-26 12:11:21,104,5,201.59
1327,2025-03-27 06:12:19,104,1,223.29
1382,2024-12-18 15:53:22,104,1,206.12
1383,2025-01-06 12:18:33,104,4,197.82
1391,2025-01-31 16:48:48,104,2,211.28
1398,2025-01-09 18:21:10,104,1,222.98
1399,2025-08-06 03:57:45,104,4,208.97
1404,2025-07-18 11:51:54,104,3,180.77
1411,2025-03-19 23:49:27,104,2,194.7
1425,2025-04-30 18:33:43,104,1,205.32
1427,2025-03-23 14:10:43,104,1,194.86
1452,2025-02-08 00:42:49,104,5,185.65
1457,2025-04-27 20:25:29,104,1,206.73
1462,2025-05-23 18:25:38,104,1,212.21
1463,2025-07-20 17:52:44,104,1,202.79
1495,2025-04-20 17:18:44,104,1,202.96
1518,2025-01-03 02:11:38,104,1,196.68
1521,2024-12-30 19:38:20,104,1,213.97
1523,2025-06-12 11:54:31,104,1,194.7
1534,2025-06-02 11:47:57,104,1,207.84
1543,2025-07-21 04:31:29,104,5,211.96
1577,2025-05-07 07:09:32,104,1,208.05
1582,2025-05-04 13:48:37,104,3,213.73
1630,2025-01-30 07:36:41,104,3,196.5
1633,2024-12-24 10:08:37,104,3,181.89
1638,2024-10-17 23:43:48,104,5,197.55
1640,2025-07-26 09:52:36,104,1,204.29
1643,2025-03-09 08:46:33,104,2,219.21
1650,2025-06-10 07:05:35,104,2,223.19
1653,2024-10-31 04:36:08,104,1,210.1
1673,2025-09-29 00:17:22,104,1,219.94
1677,2025-01-12 05:46:26,104,2,210.87
1680,2024-12-15 06:48:21,104,2,211.9
1682,2025-01-02 23:07:03,104,2,191.75
1684,2025-06-15 14:38:24,104,1,202.72
1691,2025-08-31 16:21:14,104,4,183.5
1693,2025-06-02 12:14:05,104,3,191.93
1695,2025-01-20 06:00:24,104,1,194.57
1699,2025-06-15 01:26:33,104,1,216.29
1703,2025-08-10 14:05:42,104,3,198.39
1707,2025-03-19 18:05:06,104,2,191.02
1717,2025-04-26 08:28:37,104,2,183.37
1731,2025-02-05 17:57:36,104,1,196.35
1743,2024-10-19 21:54:36,104,1,217.36
1760,2025-06-04 14:25:06,104,5,181.31
1771,2025-03-31 23:33:55,104,2,218.2
1773,2025-01-28 15:00:21,104,5,217.01
1779,2025-07-26 02:30:25,104,1,191.13
1784,2024-10-24 04:46:36,104,1,224.47
1789,2025-07-16 17:34:12,104,2,206.79
1790,2025-05-11 15:49:37,104,5,190.35
1791,2024-10-12 23:41:38,104,1,216.88
1794,2025-06-04 21:52:08,104,2,211.65
1801,2025-07-01 04:11:30,104,3,194.46
1806,2025-03-27 07:17:29,104,1,185.11
1839,2025-08-05 08:42:58,104,1,221.72
1866,2025-04-02 21:24:54,104,2,198.82
1880,2025-04-25 14:53:54,104,1,190.45
1882,2025-06-14 05:27:04,104,1,203.77
1900,2025-02-03 23:17:53,104,1,221.3
1901,2025-07-07 10:17:56,104,1,207.6
1904,2025-01-14 13:39:14,104,5,220.76
1918,2025-01-31 00:48:35,104,1,195.86
1919,2024-10-29 07:42:08,104,2,181.48
1920,2025-04-13 09:16:25,104,3,214.6
1923,2025-02-25 06:31:20,104,1,214.86
1939,2025-07-04 11:56:57,104,1,181.15
1980,2024-12-28 06:50:42,104,1,195.95
1982,2025-02-14 23:43:00,104,1,210.92
1983,2025-03-08 06:03:05,104,1,211.37
1985,2025-07-30 17:19:10,104,2,186.54
1992,2025-07-17 01:45:58,104,1,210.44
2016,2024-12-21 09:46:44,104,1,203.78
2033,2025-03-29 23:59:59,104,2,208.09
2034,2024-11-23 15:50:33,104,1,210.59
2067,2025-03-28 18:10:26,104,5,203.69
2074,2025-04-29 06:51:31,104,5,213.73
2095,2025-08-03 06:26:07,104,1,205.16
2096,2025-03-22 04:12:48,104,1,221.9
2116,2024-10-28 23:06:20,104,1,224.25
2117,2025-07-28 12:30:50,104,1,184.98
2119,2025-01-31 06:32:07,104,3,184.19
2124,2025-02-09 23:13:11,104,5,181.64
2127,2025-07-24 01:34:57,104,1,200.56
2136,2025-03-29 22:56:11,104,1,203.33
2152,2025-05-14 02:37:01,104,1,197.8
2181,2025-05-02 13:11:28,104,1,209.02
2189,2025-09-10 22:26:57,104,1,181.16
1003,2025-06-05 12:48:51,107,1,20.83
1011,2025-07-01 13:13:38,107,1,18.65
1019,2025-07-08 10:14:52,107,1,22.35
1026,2025-05-18 14:06:51,107,3,22.16
1035,2025-04-24 14:47:24,107,1,18.71
1043,2025-09-24 04:40:22,107,1,21.23
1047,2025-07-04 02:08:40,107,1,20.25
1051,2024-12-25 03:36:31,107,1,18.9
1058,2025-04-25 15:29:53,107,4,20.63
1098,2025-09-25 04:50:40,107,1,22.43
1124,2024-11-16 04:44:22,107,2,19.94
1133,2025-02-15 11:38:19,107,1,22.15
1138,2024-10-31 02:23:25,107,1,21.76
1160,2025-02-07 11:14:27,107,1,19.42
1164,2025-06-25 03:20:45,107,5,18.83
1171,2024-10-10 18:59:42,107,1,19.87
1173,2024-11-22 04:17:04,107,3,20.74
1183,2025-08-16 12:59:31,107,2,20.01
1193,2024-11-28 04:23:16,107,1,19.39
1199,2025-03-24 22:43:18,107,4,18.43
1212,2024-12-23 16:35:25,107,2,21.37
1221,2024-12-06 14:11:22,107,4,22.39
1230,2025-08-28 02:15:16,107,1,20.29
1232,2025-08-28 01:35:15,107,1,21.79
1240,2025-05-18 02:41:26,107,3,21.4
1258,2025-06-23 21:44:46,107,1,19.26
1268,2025-09-07 18:21:58,107,1,19.92
1286,2025-05-06 12:35:36,107,3,21.18
1295,2025-03-16 03:44:52,107,2,19.35
1299,2025-09-06 04:05:07,107,4,21.97
1315,2025-02-23 04:34:08,107,1,20.19
1322,2025-06-12 19:02:30,107,1,18.88
1323,2025-03-27 07:30:48,107,4,18.6
1366,2024-12-29 04:23:51,107,1,21.16
1368,2024-12-28 20:08:12,107,2,22.28
1370,2024-11-18 06:10:32,107,3,19.68
1375,2024-10-19 18:45:58,107,1,20.61
1389,2025-08-29 10:39:51,107,2,18.65
1393,2025-05-14 07:39:18,107,1,20.57
1400,2025-04-16 06:34:17,107,5,20.77
1401,2024-10-15 10:32:19,107,1,18.5
1403,2025-08-04 20:28:39,107,1,20.99
1414,2025-03-12 08:18:39,107,3,21.71
1415,2025-08-11 12:34:05,107,1,21.29
1421,2025-04-05 18:13:18,107,3,19.53
1442,2024-12-13 09:01:54,107,1,21.58
1443,2025-08-05 08:35:35,107,5,19.55
1459,2024-10-17 02:21:15,107,2,18.72
1461,2024-11-04 18:39:38,107,2,19.66
1469,2024-12-22 05:10:05,107,1,22.34
1475,2025-06-16 07:32:54,107,1,21.65
1478,2025-03-16 14:10:09,107,2,19.07
1487,2025-02-12 07:15:39,107,2,19.95
1491,2025-08-03 12:40:48,107,4,18.45
1510,2025-09-17 05:02:00,107,1,20.01
1513,2024-12-06 17:18:49,107,3,18.95
1515,2024-11-23 21:09:21,107,1,18.33
1520,2025-03-02 14:27:49,107,2,19.04
1529,2025-04-27 13:11:50,107,2,21.19
1533,2025-01-06 22:31:54,107,3,19.79
1539,2025-01-11 16:31:05,107,1,18.88
1581,2025-08-30 01:16:11,107,1,19.56
1593,2024-12-10 02:01:47,107,1,20.66
1599,2025-04-14 23:25:22,107,1,22.29
1616,2025-08-13 09:39:30,107,3,21.35
1648,2025-04-26 00:34:00,107,1,18.4
1657,2025-08-27 23:24:03,107,2,21.94
1661,2025-01-01 05:39:23,107,1,21.48
1668,2024-12-24 05:55:38,107,1,18.94
1675,2025-08-28 02:35:01,107,2,18.57
1686,2025-02-23 14:27:49,107,1,21.93
1689,2025-06-25 09:55:15,107,2,18.44
1694,2025-01-28 20:00:56,107,1,21.01
1710,2024-12-22 23:27:15,107,3,21.58
1723,2025-02-23 02:22:29,107,2,21.33
1755,2025-02-20 14:31:14,107,1,20.32
1762,2025-02-16 05:14:40,107,4,20.9
1766,2025-08-08 15:26:54,107,5,20.26
1770,2025-07-29 19:19:50,107,1,18.74
1785,2025-09-02 12:18:37,107,1,19.64
1807,2024-12-24 08:07:11,107,3,18.06
1838,2025-03-16 08:48:42,107,1,19.09
1848,2025-09-19 22:43:39,107,2,21.14
1851,2025-02-26 06:10:32,107,1,20.82
1861,2025-09-29 11:26:37,107,1,22.09
1871,2025-02-28 11:57:32,107,2,18.09
1876,2024-10-20 12:39:56,107,1,19.42
1877,2025-09-08 15:49:02,107,4,22.24
1878,2025-02-05 15:10:12,107,1,20.19
1893,2025-04-16 13:20:27,107,4,20.26
1902,2025-02-12 15:07:03,107,1,18.89
1925,2025-04-04 00:43:26,107,2,20.85
1933,2025-04-18 18:12:27,107,1,20.22
1986,2025-01-22 06:50:19,107,3,19.98
1998,2025-02-16 04:38:33,107,4,20.1
1999,2025-09-29 07:13:10,107,4,21.68
2002,2025-03-06 01:22:34,107,1,20.39
2019,2024-11-12 18:29:07,107,1,20.81
2036,2025-06-06 08:13:09,107,3,20.26
2040,2024-11-17 19:22:36,107,2,19.55
2045,2025-09-07 08:19:34,107,2,18.95
2053,2025-07-19 12:16:29,107,1,20.1
2055,2025-05-13 12:00:44,107,2,19.9
2080,2024-12-04 05:18:33,107,2,19.19
2081,2025-09-03 20:10:34,107,4,21.29
2086,2024-11-22 13:49:57,107,1,21.41
2087,2025-02-08 00:22:15,107,2,19.2
2103,2025-04-11 15:02:39,107,3,18.55
2104,2025-01-07 04:19:28,107,2,20.01
2109,2025-06-18 17:10:14,107,1,20.73
2112,2025-04-22 10:40:34,107,1,21.96
2130,2025-01-11 23:07:13,107,2,19.63
2134,2025-03-02 10:31:45,107,1,20.56
2159,2025-05-14 01:05:30,107,1,18.56
2160,2025-06-26 03:53:58,107,4,21.4
2175,2025-06-22 18:24:27,107,1,20.63
2178,2025-05-17 16:48:58,107,1,22.33
2180,2025-09-08 17:34:51,107,1,20.15
2182,2025-08-13 14:20:25,107,1,22.43
1005,2025-09-21 12:26:48,101,1,875.46
1009,2025-06-03 03:51:29,101,3,950.2
1014,2024-11-02 10:27:25,101,1,1004.31
1015,2025-07-10 01:54:13,101,1,1008.25
1018,2025-06-07 02:47:03,101,2,1031.87
1050,2025-06-14 09:26:14,101,1,952.76
1081,2025-10-05 06:21:05,101,2,1049.76
1092,2024-12-16 01:25:49,101,2,946.7
1102,2025-10-01 08:56:52,101,1,981.43
1106,2024-10-31 16:05:54,101,1,844.1
1122,2025-03-26 04:25:10,101,2,1023.36
1126,2025-07-11 04:51:38,101,2,874.78
1142,2025-07-18 18:29:57,101,1,876.61
1151,2025-01-07 08:44:57,101,3,914.23
1165,2025-02-06 18:08:27,101,1,945.75
1169,2025-06-18 23:55:29,101,1,974.24
1176,2025-08-03 23:25:47,101,1,897.05
1196,2025-09-05 00:48:29,101,1,940.55
1200,2025-03-16 07:13:53,101,1,956.77
1207,2025-09-21 15:24:11,101,1,1018.92
1224,2025-01-30 06:28:31,101,2,987.27
1233,2025-07-19 01:20:53,101,1,845.57
1238,2025-05-04 20:06:19,101,1,921.02
1239,2025-02-26 20:10:17,101,1,911.05
1242,2025-01-14 17:09:10,101,1,908.33
1243,2024-11-25 17:14:54,101,1,973.41
1247,2025-03-28 10:30:27,101,2,980.08
1250,2024-12-12 19:49:18,101,1,985.09
1267,2025-04-24 10:55:20,101,2,897.13
1270,2025-04-20 10:53:59,101,2,928.82
1290,2025-08-06 04:00:35,101,3,929.97
1306,2025-05-04 16:49:26,101,1,904.74
1307,2025-03-22 20:39:03,101,1,980.51
1318,2025-02-05 00:02:24,101,1,1021.85
1320,2024-12-30 17:49:16,101,2,892.21
1326,2025-02-13 16:05:28,101,1,900.64
1350,2025-02-06 23:43:02,101,1,978.49
1351,2025-05-25 23:26:05,101,5,1019.54
1360,2025-01-01 17:21:53,101,1,931.4
1374,2025-03-30 02:58:28,101,1,939.58
1386,2025-08-27 07:23:13,101,1,1007.61
1387,2025-02-22 08:37:57,101,1,983.86
1416,2025-08-07 11:40:59,101,1,919.39
1434,2025-02-18 11:13:53,101,1,860.23
1437,2024-10-20 08:27:25,101,1,928.51
1470,2025-08-11 04:43:28,101,2,846.06
1503,2025-09-11 04:32:40,101,2,992.36
1505,2025-06-18 11:15:20,101,1,1028.76
1536,2025-03-27 07:57:35,101,1,890.14
1544,2025-01-19 03:48:01,101,1,863.06
1548,2024-10-13 22:33:42,101,4,935.26
1550,2024-12-21 04:02:31,101,3,1015.85
1553,2025-09-17 02:41:25,101,1,982.58
1554,2025-01-01 21:48:53,101,1,1038.86
1556,2025-06-07 21:00:27,101,3,975.64
1568,2025-09-15 14:35:30,101,5,900.39
1579,2025-05-21 09:28:27,101,2,843.48
1597,2025-05-25 22:50:04,101,1,1049.0
1598,2025-04-21 00:24:54,101,3,859.01
1602,2025-09-20 00:10:27,101,2,929.09
1606,2024-12-11 23:11:42,101,3,986.39
1607,2025-06-16 01:37:45,101,1,1020.63
1610,2025-02-04 19:55:15,101,1,1047.03
1612,2025-09-02 15:56:01,101,1,901.2
1620,2024-12-28 00:47:36,101,1,1024.82
1622,2025-08-26 00:49:22,101,1,1011.44
1641,2025-01-09 18:52:04,101,1,921.71
1645,2025-08-11 17:25:05,101,1,971.84
1651,2025-09-23 02:14:43,101,1,914.7
1670,2025-08-24 19:03:52,101,2,1034.39
1672,2024-10-24 05:58:35,101,4,899.19
1700,2025-03-09 01:48:54,101,1,938.33
1711,2025-07-16 01:55:54,101,2,988.12
1715,2024-11-28 07:39:50,101,1,928.91
1724,2025-04-21 07:22:14,101,4,1000.67
1726,2024-12-30 13:33:25,101,1,959.67
1727,2025-06-07 01:27:13,101,2,907.47
1742,2025-01-10 15:56:00,101,1,985.56
1747,2024-10-26 22:28:16,101,1,919.99
1754,2025-03-09 21:10:43,101,2,944.8
1772,2025-05-28 17:25:25,101,1,958.48
1797,2025-06-25 23:11:36,101,1,909.9
1800,2025-09-22 11:35:39,101,1,1010.39
1809,2024-10-13 08:06:48,101,2,994.71
1844,2025-07-02 19:26:01,101,1,1009.23
1853,2024-11-21 15:19:35,101,1,1036.94
1857,2025-05-27 22:13:58,101,1,872.29
1867,2025-06-23 13:03:42,101,1,1000.22
1868,2024-12-26 19:01:24,101,3,880.03
1887,2024-11-01 18:44:55,101,1,990.71
1894,2024-11-13 22:57:23,101,1,1025.87
1903,2024-11-22 20:23:56,101,2,957.87
1906,2025-08-23 10:16:42,101,5,868.86
1907,2025-08-02 05:24:25,101,2,943.97
1926,2025-06-12 13:54:38,101,1,918.52
1928,2025-05-04 09:45:50,101,3,947.52
1929,2024-12-18 08:14:11,101,1,882.64
1930,2025-04-10 09:17:53,101,3,862.52
1942,2025-07-16 04:33:32,101,2,1003.06
1944,2025-01-09 22:06:14,101,1,922.38
1951,2024-10-20 03:06:19,101,1,999.79
1955,2025-06-24 15:25:39,101,2,951.42
1957,2024-12-11 20:36:49,101,1,924.81
1959,2025-04-22 08:42:18,101,2,886.47
1960,2024-10-26 20:58:03,101,1,1025.63
1965,2025-06-19 17:47:44,101,2,853.06
2001,2025-09-28 16:30:15,101,3,947.51
2027,2025-01-31 10:51:31,101,1,920.8
2030,2025-09-15 03:40:49,101,1,1028.91
2031,2025-02-02 14:08:55,101,1,869.88
2038,2024-12-29 01:47:53,101,4,965.06
2049,2024-11-06 00:41:07,101,3,883.71
2052,2025-09-26 06:30:50,101,2,932.91
2061,2025-03-25 17:18:42,101,1,852.84
2062,2025-03-09 05:44:32,101,2,1038.85
2070,2025-04-06 11:37:17,101,1,1047.15
2072,2025-02-12 06:46:53,101,2,912.55
2076,2024-12-07 11:04:05,101,1,1030.72
2077,2024-11-29 22:08:05,101,1,873.49
2091,2025-05-09 03:04:46,101,2,899.66
2094,2025-09-09 14:53:45,101,1,979.25
2106,2025-06-26 07:31:43,101,4,891.7
2110,2024-12-12 11:53:17,101,1,1026.65
2111,2025-01-07 01:58:01,101,1,1000.49
2123,2024-11-27 11:02:10,101,2,863.2
2129,2025-07-12 16:02:19,101,1,1029.07
2139,2024-11-07 17:23:01,101,1,848.3
2143,2025-07-11 17:52:22,101,1,1034.72
2145,2025-06-07 02:21:15,101,4,936.05
2147,2025-07-10 14:24:51,101,1,1019.95
2150,2024-12-05 04:11:26,101,1,877.33
2151,2024-12-22 20:02:13,101,1,869.27
2158,2025-05-20 09:03:03,101,2,922.61
2168,2025-04-17 05:17:41,101,1,989.33
2169,2024-10-15 09:01:54,101,1,852.32
2174,2025-08-28 17:09:47,101,5,895.29
2184,2025-03-01 06:53:16,101,4,916.1
2188,2025-08-09 22:58:24,101,1,996.27
2194,2025-03-29 04:10:37,101,1,851.54
1007,2025-02-22 04:56:33,102,2,27.15
1010,2025-09-22 14:41:42,102,4,26.34
1023,2025-01-26 21:38:41,102,2,29.52
1027,2024-11-29 17:18:24,102,4,27.78
1037,2025-09-18 10:17:13,102,1,24.98
1042,2025-01-25 05:49:33,102,1,25.62
1055,2025-04-02 12:44:52,102,5,26.05
1077,2025-08-11 12:27:24,102,1,26.47
1089,2025-05-23 23:28:12,102,1,28.97
1094,2024-11-26 12:19:24,102,2,27.4
1095,2025-02-17 15:43:17,102,3,25.7
1097,2024-11-03 02:46:53,102,1,27.38
1111,2025-03-28 07:25:35,102,1,27.39
1127,2025-04-04 22:35:17,102,1,25.49
1139,2025-07-08 07:41:44,102,1,24.7
1143,2025-03-10 12:49:01,102,1,28.79
1158,2024-12-14 00:08:01,102,1,24.02
1163,2025-08-15 13:06:13,102,1,27.01
1166,2025-06-03 13:53:57,102,3,26.72
1179,2025-06-27 17:06:48,102,1,28.49
1182,2025-07-06 15:24:01,102,2,28.74
1184,2024-10-09 22:03:37,102,2,24.41
1186,2025-07-08 20:34:33,102,1,29.02
1187,2025-09-19 08:38:14,102,1,25.78
1195,2025-04-03 18:12:02,102,5,27.31
1197,2025-08-16 11:45:41,102,1,25.14
1198,2024-11-17 02:18:11,102,1,25.92
1201,2025-08-02 00:08:10,102,1,29.52
1209,2025-10-05 02:09:42,102,1,26.92
1210,2024-11-06 15:44:16,102,1,28.64
1236,2025-01-13 08:44:51,102,2,29.47
1246,2024-12-04 01:32:38,102,2,28.26
1272,2025-09-04 11:12:26,102,2,28.44
1287,2025-04-04 00:05:43,102,1,24.55
1300,2025-08-14 22:54:34,102,1,28.42
1331,2025-08-17 06:53:23,102,5,27.79
1333,2024-12-23 16:21:46,102,1,26.24
1342,2025-02-02 15:24:33,102,1,28.86
1345,2024-12-27 00:02:26,102,1,28.77
1353,2025-07-13 21:24:18,102,2,24.23
1359,2025-05-16 20:25:02,102,1,24.64
1372,2025-01-09 15:46:17,102,1,27.03
1390,2025-02-03 14:35:50,102,2,24.72
1428,2025-09-04 17:56:55,102,1,25.1
1438,2025-08-15 13:26:32,102,5,25.98
1467,2025-07-12 13:35:47,102,2,27.71
1468,2025-01-03 17:19:40,102,1,28.62
1497,2025-01-05 13:06:24,102,3,29.48
1498,2025-08-22 19:45:50,102,2,27.21
1502,2025-08-15 10:35:57,102,2,28.26
1517,2025-06-29 11:51:11,102,2,26.78
1525,2025-02-25 02:22:45,102,1,29.58
1560,2024-11-22 12:49:45,102,1,25.0
1564,2025-03-05 10:39:35,102,3,29.19
1566,2025-01-04 06:42:25,102,1,26.33
1567,2024-12-15 13:57:08,102,1,25.25
1573,2025-09-18 06:59:17,102,3,27.66
1574,2025-01-04 23:39:25,102,3,25.52
1578,2024-12-14 03:43:27,102,1,29.5
1583,2025-06-27 21:19:06,102,1,29.02
1585,2025-09-23 17:04:36,102,3,26.72
1594,2025-08-20 02:58:25,102,1,28.89
1596,2025-04-23 05:57:23,102,1,27.07
1605,2025-09-03 23:10:34,102,1,24.05
1611,2025-04-07 05:34:52,102,2,27.07
1636,2024-10-15 02:49:03,102,3,28.79
1664,2025-05-30 11:35:46,102,1,26.93
1674,2024-11-10 15:31:30,102,1,26.24
1687,2025-07-21 21:46:24,102,1,25.77
1704,2024-10-24 21:29:04,102,5,24.8
1728,2024-12-31 07:40:04,102,1,28.57
1730,2024-11-11 13:23:23,102,3,24.31
1732,2025-08-14 17:43:06,102,2,25.34
1733,2025-05-06 00:54:42,102,1,27.68
1736,2025-09-27 14:29:22,102,1,26.08
1753,2025-06-25 00:12:25,102,1,25.86
1756,2025-08-23 22:35:40,102,1,27.24
1769,2024-11-21 07:30:52,102,3,25.43
1780,2025-07-07 15:54:16,102,1,25.86
1787,2025-01-05 10:06:33,102,2,29.76
1788,2025-03-09 11:51:00,102,3,26.32
1805,2025-08-08 11:08:08,102,1,24.78
1813,2025-06-04 03:33:55,102,1,25.04
1816,2025-01-30 00:00:08,102,1,29.84
1820,2025-08-23 21:21:03,102,1,26.27
1821,2025-01-31 23:23:14,102,1,24.92
1833,2025-07-29 01:22:18,102,2,24.41
1836,2025-07-07 19:59:47,102,1,27.6
1837,2025-07-01 08:04:16,102,2,24.6
1843,2024-11-20 12:10:37,102,1,25.61
1895,2025-05-01 16:54:33,102,2,29.34
1896,2025-03-15 06:39:31,102,2,28.53
1905,2025-02-19 06:28:35,102,1,29.39
1910,2025-07-11 08:10:49,102,2,24.09
1913,2025-07-18 02:25:56,102,1,27.65
1915,2025-07-11 15:31:28,102,1,29.79
1931,2024-10-13 02:54:41,102,5,26.84
1940,2024-11-05 21:20:55,102,1,29.32
1948,2025-03-24 16:18:19,102,1,24.67
1967,2024-12-10 16:48:25,102,1,27.74
1969,2024-10-12 20:24:21,102,1,29.01
1972,2025-04-13 23:23:06,102,1,28.45
1981,2024-12-16 21:11:15,102,3,28.91
1987,2024-11-30 06:11:37,102,2,29.43
2004,2025-08-15 09:11:16,102,1,27.59
