order_id,order_date,product_id,quantity,sale_price
2008,2024-11-09 08:59:43,102,3,28.4
2010,2025-07-04 02:06:33,102,2,28.2
2011,2025-04-03 02:01:54,102,5,27.92
2025,2025-09-17 05:59:38,102,2,28.09
2046,2025-01-05 19:59:15,102,2,27.42
2050,2025-06-19 22:58:34,102,2,26.55
2057,2024-12-19 06:43:09,102,2,24.1
2079,2025-05-23 06:53:07,102,1,28.24
2107,2025-03-03 00:53:11,102,1,26.26
2113,2024-12-21 10:02:48,102,1,25.06
2121,2025-09-05 00:06:01,102,1,25.27
2122,2025-01-23 11:33:10,102,2,26.02
2126,2025-01-29 19:32:50,102,1,25.6
2135,2025-01-08 08:11:20,102,1,26.59
2154,2025-07-16 05:55:45,102,2,28.47
2162,2025-04-10 05:25:15,102,1,26.33
2176,2025-01-07 03:31:41,102,1,28.49
2190,2024-10-27 17:52:29,102,1,26.44
2191,2025-05-10 00:33:08,102,1,28.26
2195,2025-05-02 18:22:22,102,1,29.97
2199,2025-04-23 18:24:42,102,4,26.31
1008,2025-01-24 03:03:16,109,5,727.41
1025,2025-10-03 19:04:30,109,3,709.41
1029,2025-05-18 00:31:42,109,2,699.05
1038,2025-03-16 14:25:25,109,2,738.8
1039,2024-11-21 11:36:32,109,5,637.27
1049,2025-06-22 14:59:06,109,1,691.2
1060,2025-03-06 10:00:46,109,2,707.41
1074,2025-05-05 13:13:23,109,3,632.84
1088,2025-02-13 03:47:43,109,2,635.98
1096,2025-08-31 13:52:07,109,1,675.25
1103,2024-11-24 09:57:42,109,2,603.93
1118,2025-07-11 16:58:04,109,4,640.42
1136,2025-02-05 09:44:47,109,1,694.92
1161,2025-04-23 17:27:00,109,2,696.04
1168,2025-01-31 14:45:21,109,4,674.44
1172,2025-08-09 03:58:23,109,1,695.65
1217,2025-01-12 18:26:38,109,1,711.68
1219,2025-08-14 01:54:13,109,3,711.79
1227,2025-07-19 07:19:13,109,2,681.22
1234,2025-01-21 09:42:41,109,1,705.32
1280,2025-08-09 23:54:05,109,1,700.25
1282,2025-06-19 10:44:00,109,3,641.69
1293,2024-12-06 11:07:30,109,1,661.39
1311,2025-03-15 05:39:27,109,1,600.65
1313,2025-05-04 21:59:50,109,1,742.99
1335,2025-02-05 13:33:06,109,1,658.93
1348,2025-02-14 00:36:23,109,1,744.64
1352,2025-02-21 12:51:10,109,1,600.37
1356,2025-04-25 15:03:57,109,2,735.73
1369,2025-02-06 20:28:09,109,2,672.0
1385,2025-05-25 01:32:07,109,1,624.1
1402,2025-09-19 13:04:14,109,3,651.38
1405,2025-04-15 17:53:25,109,5,740.61
1407,2025-03-13 22:45:02,109,1,617.19
1426,2024-11-24 12:18:24,109,1,689.69
1430,2025-06-05 10:18:17,109,5,659.04
1431,2025-08-28 03:13:22,109,1,632.12
1433,2025-02-03 08:50:52,109,1,691.57
1440,2024-12-12 01:46:59,109,5,625.45
1445,2024-10-14 05:23:01,109,2,735.08
1456,2025-03-31 16:25:47,109,2,656.05
1480,2025-03-02 14:41:49,109,1,683.79
1488,2025-04-30 07:45:26,109,1,620.88
1492,2025-10-06 08:57:35,109,1,740.96
1493,2025-05-31 22:20:58,109,1,613.45
1496,2025-02-20 09:54:57,109,1,651.22
1509,2025-07-23 16:06:48,109,1,742.88
1514,2025-07-15 04:16:31,109,1,677.12
1526,2024-10-26 08:21:23,109,5,607.02
1549,2025-10-01 08:40:52,109,2,719.45
1552,2025-07-04 03:58:45,109,1,705.33
1555,2025-08-09 15:00:49,109,1,673.25
1562,2025-06-03 01:15:18,109,1,730.99
1587,2025-08-14 12:53:18,109,1,742.37
1589,2025-04-27 15:38:31,109,2,735.84
1591,2025-08-07 16:35:48,109,1,704.34
1617,2025-02-27 16:59:28,109,3,744.18
1634,2025-05-25 07:49:11,109,1,602.92
1635,2025-06-27 16:48:28,109,1,604.78
1637,2025-07-17 11:57:52,109,1,716.04
1646,2025-06-27 21:06:25,109,3,615.58
1679,2025-05-11 07:23:18,109,2,708.76
1690,2025-05-19 23:23:49,109,1,633.74
1714,2025-06-10 01:42:47,109,4,620.03
1722,2024-11-10 22:53:34,109,1,606.02
1729,2025-02-25 12:57:09,109,1,677.11
1774,2025-06-04 10:43:21,109,1,625.23
1783,2025-05-12 03:18:57,109,1,623.73
1840,2025-05-01 22:28:39,109,1,718.86
1869,2025-07-27 23:03:35,109,1,745.28
1873,2025-08-12 02:20:26,109,3,746.19
1875,2025-09-11 09:26:17,109,1,712.89
1885,2025-01-18 21:54:54,109,2,681.35
1921,2025-01-25 21:07:39,109,2,709.86
1950,2025-08-04 08:53:11,109,1,644.53
1954,2025-04-02 18:26:08,109,1,723.75
1962,2025-02-19 17:07:20,109,2,664.02
1970,2024-12-19 15:02:54,109,2,711.78
1991,2024-10-31 18:15:12,109,2,686.14
2009,2024-11-29 19:20:43,109,3,606.28
2014,2025-04-05 23:37:21,109,1,623.34
2035,2025-07-26 20:02:54,109,1,664.65
2041,2025-03-29 01:20:45,109,1,648.15
2044,2025-04-15 17:09:04,109,1,698.33
2059,2024-11-03 21:40:03,109,1,743.71
2066,2025-04-09 06:27:26,109,1,604.16
2084,2025-04-21 11:42:09,109,2,615.11
2088,2024-10-11 20:30:37,109,4,641.43
2099,2024-10-10 10:28:27,109,2,707.57
2105,2024-10-12 16:42:17,109,3,747.56
2177,2024-12-20 14:09:22,109,1,735.65
2193,2025-09-20 13:48:03,109,5,726.29
2196,2025-02-07 11:40:53,109,1,710.62
2197,2025-06-28 05:28:30,109,1,675.26
1012,2025-01-02 14:05:58,106,1,77.01
1013,2025-02-26 04:44:22,106,1,87.85
1053,2025-07-21 00:12:56,106,1,73.63
1063,2025-05-03 08:14:09,106,2,74.71
1065,2024-10-14 14:52:39,106,5,77.03
1104,2025-07-10 05:31:58,106,1,75.5
1115,2025-05-26 23:55:24,106,2,81.55
1116,2024-12-24 02:04:46,106,1,88.54
1117,2025-03-13 15:33:44,106,2,72.99
1129,2025-01-20 19:33:27,106,1,80.7
1131,2024-10-17 12:26:20,106,1,78.57
1141,2025-08-17 03:44:35,106,1,84.07
1146,2025-05-03 22:39:15,106,2,78.38
1148,2025-03-02 21:58:56,106,1,74.03
1149,2025-04-10 16:06:53,106,5,82.28
1152,2024-10-19 08:44:52,106,1,89.06
1162,2025-05-30 15:59:46,106,5,78.11
1170,2025-06-26 01:15:17,106,1,88.56
1178,2024-11-17 12:45:38,106,2,88.24
1181,2025-05-15 06:15:36,106,2,73.02
1185,2025-02-23 07:14:32,106,1,81.62
1213,2025-06-25 06:08:16,106,1,72.01
1216,2024-12-21 13:15:24,106,3,83.43
1225,2025-09-05 02:07:08,106,1,82.31
1231,2025-07-16 16:11:25,106,1,73.41
1257,2025-01-05 19:56:47,106,4,72.64
1291,2025-04-27 08:04:55,106,1,84.34
1292,2025-01-18 10:50:12,106,1,73.1
1298,2025-09-02 20:19:57,106,3,75.17
1330,2025-10-07 14:45:24,106,2,84.38
1338,2025-08-10 15:39:54,106,1,74.01
1347,2024-12-30 21:39:07,106,1,85.66
1357,2025-08-04 12:45:29,106,2,81.37
1363,2025-07-31 13:34:12,106,1,77.29
1364,2025-06-08 22:14:23,106,3,88.62
1373,2025-04-10 16:57:48,106,1,74.32
1377,2025-08-03 00:43:54,106,3,78.23
1381,2025-04-02 17:45:20,106,1,73.96
1392,2024-10-20 11:15:46,106,2,79.61
1406,2025-04-12 03:05:35,106,1,82.31
1408,2025-06-06 08:03:50,106,1,74.5
1409,2025-08-30 20:35:06,106,3,76.98
1424,2025-04-21 01:03:00,106,1,73.21
1444,2025-05-30 09:17:43,106,1,86.37
1451,2025-04-04 14:02:12,106,3,88.37
1471,2025-02-17 02:22:04,106,1,80.59
1472,2025-04-08 14:05:25,106,1,72.46
1486,2025-08-08 07:31:53,106,1,72.41
1490,2024-11-23 20:41:40,106,1,88.83
1511,2025-04-07 13:17:44,106,1,84.46
1519,2025-03-16 14:13:02,106,2,80.8
1522,2025-08-15 06:31:24,106,5,74.23
1532,2025-01-24 15:05:11,106,1,74.06
1535,2025-04-25 12:14:41,106,2,77.48
1537,2025-08-11 09:29:09,106,1,73.15
1569,2025-07-22 19:02:39,106,2,80.49
1571,2025-04-21 10:40:21,106,2,75.61
1576,2025-08-03 05:21:22,106,2,75.44
1586,2024-10-17 17:14:20,106,3,72.3
1592,2025-02-16 12:48:00,106,1,88.52
1601,2024-10-21 21:27:17,106,1,83.02
1603,2025-01-20 00:59:18,106,1,80.05
1609,2024-11-29 08:26:34,106,1,89.2
1624,2025-03-26 00:14:14,106,4,86.2
1625,2025-07-03 14:47:17,106,1,88.4
1627,2025-04-03 15:04:35,106,3,76.44
1631,2025-05-15 11:21:53,106,5,72.16
1632,2025-06-08 11:34:18,106,1,72.42
1655,2025-09-15 19:41:39,106,4,75.6
1662,2025-08-26 06:45:51,106,1,84.04
1676,2024-10-22 13:39:20,106,1,72.92
1696,2025-07-15 14:12:11,106,2,72.02
1706,2024-10-23 21:43:25,106,2,74.87
1708,2025-02-11 01:10:00,106,1,82.47
1709,2025-06-26 20:59:06,106,1,80.72
1718,2024-12-25 15:36:36,106,1,73.39
1735,2025-04-19 15:52:59,106,1,74.93
1749,2025-03-10 00:29:16,106,1,76.16
1750,2025-02-15 02:36:46,106,1,72.1
1759,2024-12-29 09:29:38,106,1,89.28
1765,2025-03-25 18:36:36,106,1,85.27
1776,2024-11-10 17:52:30,106,1,84.3
1786,2025-09-15 14:48:39,106,4,78.42
1795,2024-12-11 21:09:44,106,1,85.84
1803,2024-12-29 18:00:07,106,2,74.8
1811,2024-12-16 07:36:56,106,5,80.42
1817,2025-06-19 00:55:40,106,3,79.48
1818,2024-12-06 03:05:52,106,1,72.53
1830,2025-03-25 11:53:40,106,3,80.27
1834,2025-03-29 05:12:58,106,1,86.54
1835,2025-04-18 17:07:16,106,1,73.36
1845,2025-04-20 23:28:35,106,1,88.02
1855,2024-12-08 23:09:02,106,1,89.69
1862,2025-01-15 13:40:59,106,3,86.77
1899,2025-08-30 15:14:54,106,1,84.15
1914,2024-12-12 16:52:31,106,2,82.24
1916,2025-06-06 16:59:18,106,1,76.68
1927,2025-03-13 06:19:07,106,1,77.85
1932,2024-11-22 03:25:18,106,2,74.28
1934,2025-06-29 22:07:15,106,1,78.38
1945,2025-02-03 06:35:44,106,2,78.11
1961,2025-04-20 12:59:24,106,1,83.49
1964,2025-09-17 03:51:39,106,5,80.87
1974,2025-04-22 00:58:55,106,1,87.36
1976,2025-05-24 13:39:30,106,1,85.3
1979,2025-06-30 02:10:03,106,3,80.93
1996,2025-05-06 15:02:18,106,4,74.16
2006,2025-01-20 08:26:33,106,2,76.75
2015,2024-12-20 04:30:16,106,2,88.97
2017,2024-11-13 01:46:51,106,3,75.19
2026,2025-03-08 12:16:46,106,3,81.81
2028,2025-06-07 04:38:03,106,1,75.69
2042,2025-05-06 11:18:34,106,2,81.87
2048,2025-02-21 08:23:17,106,4,77.06
2056,2025-09-13 08:19:35,106,1,78.47
2058,2025-04-01 12:15:56,106,1,73.03
2060,2025-03-18 20:00:53,106,5,88.78
2065,2025-06-12 23:19:26,106,3,83.41
2069,2025-01-09 21:20:38,106,2,84.81
2073,2025-09-10 11:54:02,106,1,85.4
2098,2025-08-31 13:30:43,106,4,88.07
2128,2024-11-15 02:06:03,106,2,74.52
2142,2024-12-22 21:22:08,106,1,86.2
2156,2025-09-16 01:23:48,106,2,88.47
2192,2025-09-03 04:58:32,106,1,82.0
1022,2025-04-26 03:47:26,105,1,61.26
1032,2024-12-17 06:30:26,105,2,72.78
1034,2024-11-03 23:41:58,105,2,73.11
1036,2025-08-13 23:44:22,105,3,65.31
1062,2025-02-28 17:36:18,105,1,69.15
1084,2025-09-13 19:11:51,105,1,63.31
1085,2025-02-13 10:10:41,105,1,63.51
1087,2025-08-22 02:34:30,105,1,65.13
1093,2025-08-11 19:41:50,105,2,66.65
1105,2025-09-03 13:24:21,105,1,62.83
1109,2025-05-01 22:01:54,105,1,73.38
1114,2025-06-17 22:33:21,105,1,73.04
1130,2025-05-14 16:02:56,105,5,60.91
1135,2025-05-31 03:11:14,105,3,71.15
1155,2024-12-16 20:03:06,105,2,68.59
1156,2025-08-30 21:15:04,105,2,65.04
1167,2025-04-20 01:05:13,105,2,60.53
1180,2025-02-27 11:10:09,105,5,61.64
1188,2025-07-05 09:40:59,105,1,71.63
1192,2025-04-22 01:18:57,105,4,60.1
1208,2024-10-26 23:09:32,105,1,62.43
1211,2025-08-28 08:40:08,105,1,67.72
1220,2025-07-24 15:22:11,105,1,68.96
1229,2025-09-16 19:04:59,105,2,60.29
1244,2024-12-29 11:12:43,105,2,60.82
1248,2024-10-23 11:19:37,105,2,73.77
1251,2025-08-20 23:07:39,105,2,60.98
1253,2025-03-08 02:16:30,105,2,68.53
1260,2025-03-04 09:18:05,105,1,63.98
1263,2025-09-13 05:27:50,105,1,62.28
1278,2024-12-24 06:46:00,105,1,63.37
1283,2025-04-25 03:01:25,105,1,72.09
1284,2024-11-22 17:20:26,105,1,73.45
1289,2024-12-27 23:07:49,105,2,67.75
1297,2024-10-25 23:21:10,105,1,73.79
1308,2025-01-06 08:46:13,105,1,69.2
1336,2025-01-03 01:08:16,105,1,71.6
1337,2025-10-01 23:57:20,105,1,71.7
1343,2025-09-21 13:25:21,105,1,73.12
1355,2024-10-10 00:44:36,105,2,62.38
1371,2025-04-24 00:33:03,105,2,64.35
1378,2024-11-22 04:20:53,105,1,64.58
1380,2025-04-02 10:02:48,105,1,63.43
1384,2025-05-14 02:04:36,105,5,73.05
1395,2025-02-15 23:39:33,105,2,72.07
1413,2025-05-06 21:57:47,105,1,70.21
1419,2025-02-10 18:41:35,105,1,73.84
1423,2025-01-26 07:26:36,105,1,61.58
1446,2024-10-14 16:12:16,105,1,73.39
1466,2024-11-12 14:37:15,105,3,70.24
1474,2024-10-22 16:24:33,105,1,65.69
1477,2025-06-14 04:31:29,105,2,62.82
1485,2025-07-05 20:25:21,105,1,66.0
1516,2025-01-16 15:07:13,105,1,64.96
1524,2025-04-21 21:06:11,105,2,68.43
1541,2025-02-20 05:59:52,105,1,67.11
1559,2024-11-19 11:14:05,105,3,65.0
1565,2024-10-18 19:47:17,105,1,66.91
1575,2025-07-30 15:26:52,105,1,60.43
1588,2025-07-30 21:52:28,105,1,65.34
1590,2025-04-11 17:01:33,105,2,73.18
1619,2025-06-02 20:50:19,105,1,72.84
1626,2025-04-11 17:47:51,105,1,62.33
1647,2025-09-14 12:32:52,105,1,61.08
1660,2025-06-24 18:41:33,105,2,61.7
1663,2025-05-01 19:58:52,105,1,64.05
1665,2025-07-11 06:56:45,105,2,64.13
1667,2025-04-01 18:25:20,105,1,71.28
1692,2025-07-08 04:39:02,105,3,63.75
1697,2025-05-29 21:37:16,105,1,66.19
1713,2025-04-26 04:36:40,105,1,66.36
1738,2025-01-19 04:44:55,105,1,64.4
1751,2025-04-15 21:13:42,105,5,66.78
1752,2025-07-12 23:50:18,105,1,71.29
1761,2025-05-02 19:38:47,105,2,60.91
1767,2025-05-15 02:09:22,105,1,66.95
1768,2025-05-28 18:58:34,105,3,67.96
1777,2025-05-13 10:54:45,105,1,74.28
1778,2025-05-10 01:48:16,105,1,72.32
1792,2025-05-27 00:25:36,105,1,61.58
1793,2025-02-17 00:28:52,105,4,65.12
1796,2025-05-11 13:11:04,105,1,71.71
1808,2025-04-08 02:52:42,105,2,64.68
1814,2025-02-12 03:31:58,105,2,69.11
1815,2025-09-27 21:49:36,105,3,74.82
1823,2025-04-17 22:03:25,105,1,67.02
1825,2025-07-26 20:24:18,105,1,72.18
1827,2025-01-30 19:54:26,105,3,67.47
1828,2025-05-09 14:29:59,105,1,64.6
1832,2025-09-04 07:21:07,105,2,68.4
1841,2025-08-21 14:32:54,105,1,69.28
1860,2025-08-02 16:34:34,105,4,60.5
1865,2025-02-11 14:14:42,105,1,69.01
1874,2024-12-14 17:29:03,105,1,60.03
1891,2025-05-07 19:22:43,105,2,60.7
1924,2025-02-24 14:53:36,105,2,71.16
1936,2025-05-21 11:17:54,105,1,62.18
1943,2025-07-12 06:14:43,105,4,72.32
1946,2025-04-18 00:38:42,105,1,72.8
1947,2025-03-23 14:58:45,105,1,65.0
1949,2025-01-03 15:02:28,105,1,63.08
1966,2025-03-17 12:17:37,105,1,64.24
1973,2025-06-25 17:27:23,105,1,60.64
1989,2025-02-09 22:08:16,105,1,63.64
1993,2024-11-11 08:07:21,105,2,64.29
1994,2025-06-22 22:42:32,105,5,71.98
2000,2025-02-22 00:40:31,105,1,69.04
2013,2024-12-11 03:47:01,105,1,72.01
2023,2025-06-17 08:16:17,105,1,72.51
2054,2025-04-06 02:53:30,105,1,68.0
2075,2025-03-06 02:36:10,105,1,74.98
2092,2025-10-01 18:52:55,105,1,70.29
2102,2025-07-25 08:50:37,105,1,71.26
2132,2025-10-03 18:55:52,105,1,61.48
2137,2024-10-13 06:08:19,105,2,63.35
2141,2025-06-03 11:16:25,105,2,74.9
2155,2025-03-04 19:42:06,105,4,61.58
2163,2025-05-16 23:44:48,105,2,66.5
2166,2025-09-18 16:39:13,105,3,64.36
2172,2025-07-31 09:49:57,105,2,65.44
2179,2024-11-04 10:09:18,105,1,64.12
2183,2024-11-15 21:38:46,105,1,72.74
2186,2025-04-18 03:02:10,105,2,69.28
2198,2025-03-11 19:49:00,105,1,72.5
1024,2025-02-05 07:23:17,103,2,60.5
1041,2025-02-21 01:12:53,103,5,63.64
1045,2025-01-25 10:14:06,103,1,66.65
1046,2025-05-04 16:31:37,103,2,59.36
1052,2024-12-15 14:16:10,103,1,66.7
1070,2025-06-15 02:50:38,103,1,56.99
1076,2024-12-20 21:37:36,103,1,62.84
1080,2025-05-16 04:35:24,103,1,62.01
1083,2025-06-27 01:05:16,103,1,62.12
1091,2025-06-01 08:16:08,103,4,56.86
1101,2025-05-04 21:34:13,103,1,66.89
1108,2025-07-30 01:48:08,103,1,56.89
1120,2025-07-22 16:31:46,103,1,63.01
1123,2024-12-21 03:38:21,103,1,67.07
1128,2025-04-03 06:28:21,103,1,65.21
1132,2025-05-11 13:52:21,103,1,55.79
1147,2025-08-06 14:04:51,103,2,64.54
1153,2025-06-13 20:21:36,103,1,63.91
1154,2024-12-21 03:50:06,103,3,65.02
1175,2025-07-25 23:32:25,103,1,61.93
1177,2025-09-10 16:23:55,103,5,57.93
1189,2025-05-15 16:30:34,103,4,55.96
1214,2024-12-28 11:51:34,103,2,67.15
1215,2025-07-30 05:57:49,103,3,61.49
1218,2024-11-14 21:16:16,103,4,65.82
1222,2024-12-25 12:43:35,103,1,66.44
1245,2025-02-26 05:15:50,103,2,61.69
1249,2025-03-28 12:37:28,103,2,60.36
1259,2024-12-26 16:27:29,103,2,67.0
1265,2024-11-11 13:47:28,103,1,59.97
1277,2024-11-28 10:55:36,103,1,55.26
1285,2025-09-09 15:40:07,103,1,61.5
1304,2025-05-14 19:47:08,103,2,58.28
1321,2025-06-29 10:04:55,103,2,64.94
1324,2025-08-06 14:45:26,103,2,65.18
1332,2024-10-26 02:14:00,103,2,57.37
1334,2025-09-14 14:47:50,103,1,58.53
1339,2025-07-24 06:29:24,103,1,63.7
1340,2025-08-30 23:36:26,103,2,54.39
1341,2025-03-29 09:05:28,103,1,63.38
1354,2025-08-16 02:31:05,103,2,66.44
1361,2024-12-15 19:02:38,103,1,67.22
1362,2025-09-19 17:39:45,103,2,60.86
1367,2025-04-19 08:35:04,103,1,54.34
1396,2025-03-24 20:17:35,103,2,57.47
1412,2024-11-10 00:18:07,103,5,66.74
1422,2024-11-10 00:13:32,103,5,67.0
1432,2025-02-26 09:00:20,103,1,62.17
1436,2024-12-22 15:34:12,103,1,63.07
1439,2024-10-25 18:19:57,103,1,55.24
1450,2025-01-27 19:08:01,103,5,57.57
1454,2025-04-03 18:06:07,103,1,61.67
1465,2024-11-10 02:12:38,103,4,58.08
1481,2025-04-27 16:59:48,103,1,56.69
1501,2025-03-07 11:52:09,103,1,57.91
1504,2025-02-12 08:39:33,103,1,59.01
1506,2025-05-18 16:11:30,103,3,62.79
1527,2025-06-19 02:55:41,103,1,60.45
1528,2025-05-15 15:11:37,103,1,55.57
1531,2024-11-19 17:55:40,103,1,61.94
1538,2025-06-29 00:56:10,103,1,61.52
1547,2025-06-06 12:30:13,103,3,61.0
1551,2025-09-10 21:00:19,103,1,64.34
1557,2024-12-19 03:59:56,103,2,61.13
1561,2025-05-27 11:59:26,103,2,67.0
1572,2024-12-15 16:57:07,103,2,60.37
1595,2025-02-19 13:30:24,103,2,57.42
1613,2025-03-04 13:40:51,103,2,58.63
1615,2025-03-18 17:07:12,103,2,65.36
1629,2025-05-02 01:39:25,103,1,56.39
1658,2025-05-12 20:18:15,103,2,64.93
1659,2025-04-03 01:54:31,103,1,58.15
1666,2025-07-05 10:00:24,103,1,66.39
1669,2025-09-11 07:58:54,103,1,57.94
1681,2025-05-23 08:58:54,103,1,63.75
1688,2025-07-02 16:29:32,103,1,54.4
1698,2025-03-12 15:28:04,103,2,66.52
1719,2025-06-11 00:06:50,103,2,60.34
1720,2025-05-10 16:27:36,103,1,61.57
1725,2025-01-31 00:53:57,103,1,59.23
1734,2025-05-01 21:40:50,103,1,65.89
1740,2025-01-14 17:28:50,103,3,58.14
1741,2025-01-25 14:41:50,103,1,67.3
1745,2025-05-28 22:33:04,103,1,63.27
1748,2025-08-26 22:29:32,103,5,56.1
1763,2025-05-28 19:57:09,103,1,65.46
1764,2025-10-04 17:19:00,103,2,65.12
1804,2025-07-05 17:07:52,103,1,61.55
1826,2025-08-06 22:47:00,103,1,62.54
1829,2025-04-29 10:56:58,103,1,61.23
1847,2025-09-28 06:58:23,103,2,56.31
1849,2024-10-23 01:01:58,103,4,65.29
1850,2025-07-09 22:35:56,103,3,60.92
1879,2025-07-12 11:30:19,103,1,67.13
1881,2025-07-15 13:16:21,103,1,55.63
1888,2024-11-27 13:07:17,103,3,54.69
1890,2024-10-18 18:32:09,103,1,56.25
1912,2024-11-29 15:06:46,103,2,62.79
1922,2025-01-06 08:55:01,103,1,56.66
1935,2025-09-20 00:36:02,103,1,62.25
1952,2025-06-22 22:56:16,103,2,55.03
1971,2024-10-11 05:47:39,103,1,63.83
1978,2025-09-09 10:45:55,103,4,56.53
1984,2025-01-25 00:25:13,103,1,62.28
1988,2025-03-19 20:58:15,103,1,64.75
1997,2025-06-20 05:18:57,103,2,62.37
2003,2025-03-26 08:06:16,103,3,61.21
2005,2025-07-19 14:42:40,103,2,65.2
2022,2025-09-10 11:35:49,103,3,62.6
2037,2025-08-10 11:39:02,103,3,59.8
2039,2025-09-26 23:47:44,103,1,54.44
2063,2025-04-20 06:25:11,103,5,59.62
2068,2025-10-03 18:46:06,103,1,57.82
2093,2025-01-03 00:21:35,103,3,55.4
2097,2025-07-19 03:07:17,103,1,59.28
2100,2025-03-30 17:17:04,103,2,66.55
2133,2025-08-01 09:40:03,103,1,65.67
2149,2024-10-14 04:57:20,103,2,60.0
2157,2025-08-21 19:03:18,103,2,65.35
2161,2025-01-09 10:50:44,103,1,59.29
2164,2025-09-20 08:06:31,103,1,55.43
2167,2025-04-26 02:13:41,103,2,66.66
2170,2025-09-15 11:00:50,103,2,59.58
2171,2025-01-01 01:45:51,103,2,57.99
2187,2025-06-02 08:05:10,103,3,55.56
1031,2025-03-25 00:23:47,110,1,491.6
1040,2025-04-22 00:41:08,110,2,469.24
1054,2025-01-09 22:04:41,110,1,428.31
1059,2025-01-29 20:53:25,110,5,427.19
1073,2025-06-19 22:16:53,110,1,447.01
1086,2025-04-05 01:06:55,110,5,495.89
1090,2025-09-01 04:29:26,110,1,477.37
1100,2025-07-18 11:36:20,110,5,465.88
1107,2025-07-27 07:51:27,110,5,514.53
1112,2024-11-26 09:20:10,110,5,464.84
1119,2025-08-11 14:56:57,110,1,479.82
1121,2025-05-06 06:30:03,110,2,502.48
1134,2025-08-26 10:44:41,110,1,426.66
1140,2025-08-08 00:29:37,110,1,518.67
1174,2024-12-09 19:11:56,110,1,427.08
1191,2025-09-17 22:19:54,110,1,489.21
1194,2025-04-05 06:55:46,110,1,450.53
1228,2024-10-20 16:39:51,110,2,469.02
1241,2025-07-01 04:28:55,110,1,442.06
1252,2025-05-10 02:23:48,110,1,506.84
1255,2025-06-22 17:20:02,110,2,487.52
1264,2025-05-06 09:59:04,110,1,442.08
1266,2025-04-05 23:32:04,110,1,434.28
1269,2025-03-10 06:03:07,110,3,483.71
1275,2025-08-23 02:41:27,110,1,431.67
1288,2025-04-01 11:08:40,110,2,494.78
1296,2025-06-27 20:45:49,110,1,487.56
1303,2025-02-17 15:06:31,110,3,434.53
1310,2025-09-10 09:29:50,110,1,436.72
1312,2025-09-21 18:26:39,110,1,468.14
1314,2025-06-17 10:08:10,110,1,453.63
1316,2025-04-11 05:38:19,110,2,523.04
1329,2024-11-04 16:25:51,110,1,484.21
1344,2024-12-17 21:58:44,110,2,510.99
1346,2025-05-30 14:06:00,110,1,497.21
1358,2024-11-22 14:20:58,110,1,472.58
1365,2025-01-22 04:09:36,110,2,508.6
1376,2025-07-16 00:36:48,110,1,424.17
1388,2024-10-22 07:37:19,110,2,448.29
1410,2025-10-07 02:18:03,110,1,452.23
1418,2025-05-05 15:53:10,110,3,500.62
1435,2024-11-20 16:57:07,110,2,505.53
1448,2024-11-12 01:16:40,110,2,502.99
1449,2025-02-11 01:47:01,110,1,473.21
1455,2025-10-03 13:24:47,110,2,425.29
1458,2025-05-05 10:55:18,110,1,424.68
1483,2025-07-21 17:52:51,110,1,436.7
1484,2024-11-16 06:03:56,110,3,519.73
1489,2024-12-06 08:48:06,110,1,423.92
1494,2025-09-16 11:59:31,110,1,454.14
1499,2025-05-08 13:08:51,110,3,442.92
1500,2024-12-29 12:19:50,110,5,425.59
1512,2025-09-03 13:33:26,110,1,470.25
1530,2025-07-13 19:28:03,110,2,501.13
1545,2025-06-05 22:27:52,110,2,478.67
1546,2025-02-25 12:04:05,110,2,432.44
1563,2025-09-25 19:21:50,110,1,500.57
1570,2025-03-17 00:14:27,110,2,464.5
1580,2025-09-22 08:41:21,110,5,479.35
1584,2025-01-23 21:47:00,110,1,432.07
1600,2025-04-29 12:35:09,110,2,497.32
1608,2025-01-08 03:28:45,110,5,445.86
1618,2025-01-04 14:57:14,110,1,466.97
1628,2024-10-30 19:00:40,110,1,502.74
1642,2025-07-18 08:01:25,110,1,442.12
1644,2025-08-01 09:45:31,110,1,426.04
1649,2024-10-20 06:29:43,110,1,503.25
1678,2024-12-27 12:42:40,110,2,458.42
1685,2025-03-17 01:29:17,110,1,450.14
1716,2024-10-14 15:06:38,110,1,429.92
1739,2025-07-18 07:18:09,110,1,502.87
1744,2025-03-31 06:31:26,110,1,515.26
1757,2025-03-12 00:12:13,110,2,510.87
1758,2025-04-09 14:27:19,110,3,463.24
1775,2025-09-05 13:47:50,110,2,478.17
1781,2025-02-28 18:41:46,110,2,448.21
1782,2025-07-26 13:04:22,110,4,424.95
1802,2025-06-24 11:13:10,110,1,521.97
1812,2025-09-06 08:15:20,110,1,490.99
1831,2025-08-30 02:33:42,110,1,491.55
1842,2025-08-04 01:39:43,110,1,427.22
1852,2025-08-22 22:28:55,110,1,502.91
1854,2024-12-27 14:28:20,110,2,474.99
1859,2025-02-14 00:10:18,110,1,475.18
1872,2025-09-05 23:22:22,110,2,524.26
1889,2025-04-22 22:17:27,110,1,506.97
1917,2025-04-19 05:34:38,110,1,499.57
1953,2025-06-15 01:19:50,110,1,519.45
1963,2024-11-27 07:59:20,110,3,494.61
1975,2025-03-10 23:51:22,110,1,480.27
1990,2025-08-07 20:11:17,110,1,455.01
1995,2025-02-26 02:52:55,110,2,439.84
2007,2025-03-18 13:10:09,110,4,498.1
2012,2025-07-15 05:55:17,110,4,485.01
2018,2025-07-21 01:48:28,110,3,487.52
2020,2025-01-24 19:40:52,110,3,501.92
2024,2025-02-18 09:39:57,110,5,456.2
2051,2024-12-16 04:51:03,110,1,434.96
2064,2025-03-11 09:19:46,110,1,500.0
2071,2025-08-28 07:06:24,110,1,453.93
2085,2025-07-09 14:02:46,110,1,516.28
2090,2025-06-21 02:10:40,110,3,479.53
2101,2025-07-22 01:34:49,110,5,508.79
2108,2025-01-17 12:56:39,110,1,496.87
2118,2024-12-05 08:36:02,110,1,452.78
2138,2025-03-23 08:19:51,110,1,490.82
2144,2025-05-15 23:26:48,110,1,471.68
2146,2025-04-25 13:15:06,110,1,437.36
2148,2025-05-09 08:23:52,110,1,426.24
2173,2025-09-09 00:37:59,110,1,495.05
2185,2024-12-13 19:57:21,110,4,445.63
